@article{DBLP:journals/corr/ShiWXC16,
  author    = {Shaohuai Shi and
               Qiang Wang and
               Pengfei Xu and
               Xiaowen Chu},
  title     = {Benchmarking State-of-the-Art Deep Learning Software Tools},
  journal   = {CoRR},
  volume    = {abs/1608.07249},
  year      = {2016},
  url       = {http://arxiv.org/abs/1608.07249},
  archivePrefix = {arXiv},
  eprint    = {1608.07249},
  timestamp = {Mon, 13 Aug 2018 16:47:57 +0200},
  biburl    = {https://dblp.org/rec/bib/journals/corr/ShiWXC16},
  bibsource = {dblp computer science bibliography, https://dblp.org}
}

