@book{book:2256184,
   title =     {R Deep Learning Cookbook: Solve complex neural net problems with TensorFlow, H2O and MXNet},
   author =    {Dr. PKS Prakash; Achyutuni Sri Krishna Rao},
   publisher = {Packt Publishing - ebooks Account},
   isbn =      {978-1-78712-108-9,1787121089,9781787127111,1787127117},
   year =      {2017},
   series =    {},
   edition =   {},
   volume =    {},
   url =       {http://gen.lib.rus.ec/book/index.php?md5=f7e06ac4f57f3f61f78fd488c1133f88}
}