@book{book:2187021,
   title =     {Learning Microsoft Cognitive Services - Second Edition: Leverage Machine Learning APIs to build smart applications},
   author =    {Leif Larsen [Larsen, Leif]},
   publisher = {Packt Publishing},
   isbn =      {},
   year =      {2017},
   series =    {},
   edition =   {},
   volume =    {},
   url =       {http://gen.lib.rus.ec/book/index.php?md5=2ca62cfa2498ca741441b775fe3206b6}
}