@book{Gron:2017:HML:3153997,
 author = {Gron, Aurlien},
 title = {Hands-On Machine Learning with Scikit-Learn and TensorFlow: Concepts, Tools, and Techniques to Build Intelligent Systems},
 year = {2017},
 isbn = {1491962291, 9781491962299},
 edition = {1st},
 publisher = {O'Reilly Media, Inc.},
} 