@book{bookDeepLearningKeras,
 author = {Gulli Antonio, Pal Sujit},
 title = {Implement neural networks with Keras on Theano and Tensorflow},
 year = {2017},
 isbn = {978-1-78712-842-2},
 edition = {1st},
 publisher = {Packt Publishing Ltd.},
 address = {Brimingham, UK},
}