@article{DBLP:journals/corr/JiaSDKLGGD14,
  author    = {Yangqing Jia and
               Evan Shelhamer and
               Jeff Donahue and
               Sergey Karayev and
               Jonathan Long and
               Ross B. Girshick and
               Sergio Guadarrama and
               Trevor Darrell},
  title     = {Caffe: Convolutional Architecture for Fast Feature Embedding},
  journal   = {CoRR},
  volume    = {abs/1408.5093},
  year      = {2014},
  url       = {http://arxiv.org/abs/1408.5093},
  archivePrefix = {arXiv},
  eprint    = {1408.5093},
  timestamp = {Mon, 13 Aug 2018 16:46:41 +0200},
  biburl    = {https://dblp.org/rec/bib/journals/corr/JiaSDKLGGD14},
  bibsource = {dblp computer science bibliography, https://dblp.org}
}