@online{deeplearningAI,
  author = {Jeremy Howard, Rachel Thomas},
  title = {Fast.ai Making neural nets uncool again},
  year = 2017,
  url = {http://www.fast.ai/},
  urldate = {2017-12-25}
}