@book{book:2226069,
   title =     {Deep Learning with PyTorch},
   author =    {Vishnu Subramanian},
   publisher = {Packt},
   isbn =      {978-1-78862-433-6},
   year =      {2018},
   series =    {},
   edition =   {},
   volume =    {},
   url =       {http://gen.lib.rus.ec/book/index.php?md5=26f5d5f604442238130e8de8806b01df}
}