@book{DeepLearningTensorflow,
    title={Deep Learning with TensorFlow},
    author={Giancarlo Zaccone, Md. Rezaul Karim, Ahmed Menshawy},
    publisher={Packt Publishing},
    year={2017}
}