@article{DBLP:journals/corr/LongSD14,
  author    = {Jonathan Long and
               Evan Shelhamer and
               Trevor Darrell},
  title     = {Fully Convolutional Networks for Semantic Segmentation},
  journal   = {CoRR},
  volume    = {abs/1411.4038},
  year      = {2014},
  url       = {http://arxiv.org/abs/1411.4038},
  archivePrefix = {arXiv},
  eprint    = {1411.4038},
  timestamp = {Mon, 13 Aug 2018 16:48:17 +0200},
  biburl    = {https://dblp.org/rec/bib/journals/corr/LongSD14},
  bibsource = {dblp computer science bibliography, https://dblp.org}
}