@article{DBLP:journals/corr/HuangLPLHW17,
  author    = {Gao Huang and
               Yixuan Li and
               Geoff Pleiss and
               Zhuang Liu and
               John E. Hopcroft and
               Kilian Q. Weinberger},
  title     = {Snapshot Ensembles: Train 1, get {M} for free},
  journal   = {CoRR},
  volume    = {abs/1704.00109},
  year      = {2017},
  url       = {http://arxiv.org/abs/1704.00109},
  archivePrefix = {arXiv},
  eprint    = {1704.00109},
  timestamp = {Mon, 10 Sep 2018 15:49:32 +0200},
  biburl    = {https://dblp.org/rec/bib/journals/corr/HuangLPLHW17},
  bibsource = {dblp computer science bibliography, https://dblp.org}
}

