@article{DBLP:journals/corr/QayyumAAM17,
  author    = {Adnan Qayyum and
               Syed Muhammad Anwar and
               Muhammad Awais and
               Muhammad Majid},
  title     = {Medical Image Retrieval using Deep Convolutional Neural Network},
  journal   = {CoRR},
  volume    = {abs/1703.08472},
  year      = {2017},
  url       = {http://arxiv.org/abs/1703.08472},
  archivePrefix = {arXiv},
  eprint    = {1703.08472},
  timestamp = {Wed, 07 Jun 2017 14:43:12 +0200},
  biburl    = {https://dblp.org/rec/bib/journals/corr/QayyumAAM17},
  bibsource = {dblp computer science bibliography, https://dblp.org}
}