@book{odkrywanieSieci,
    title={Odkrywanie właściwości sieci neuronowych przy użyciu programów w języku C\#},
    author={Ryszard Tadeusiewicz},
    publisher={Polska Akademia Umiejętności},
    year={2007}
}