@article{DBLP:journals/corr/abs-1805-08700,
  author    = {Saifuddin Hitawala},
  title     = {Evaluating ResNeXt Model Architecture for Image Classification},
  journal   = {CoRR},
  volume    = {abs/1805.08700},
  year      = {2018},
  url       = {http://arxiv.org/abs/1805.08700},
  archivePrefix = {arXiv},
  eprint    = {1805.08700},
  timestamp = {Mon, 13 Aug 2018 16:48:56 +0200},
  biburl    = {https://dblp.org/rec/bib/journals/corr/abs-1805-08700},
  bibsource = {dblp computer science bibliography, https://dblp.org}
}