@article{DBLP:journals/corr/XieGDTH16,
  author    = {Saining Xie and
               Ross B. Girshick and
               Piotr Doll{\'{a}}r and
               Zhuowen Tu and
               Kaiming He},
  title     = {Aggregated Residual Transformations for Deep Neural Networks},
  journal   = {CoRR},
  volume    = {abs/1611.05431},
  year      = {2016},
  url       = {http://arxiv.org/abs/1611.05431},
  archivePrefix = {arXiv},
  eprint    = {1611.05431},
  timestamp = {Wed, 07 Jun 2017 14:41:38 +0200},
  biburl    = {https://dblp.org/rec/bib/journals/corr/XieGDTH16},
  bibsource = {dblp computer science bibliography, https://dblp.org}
}