@article{DBLP:journals/corr/BadrinarayananH15,
  author    = {Vijay Badrinarayanan and
               Ankur Handa and
               Roberto Cipolla},
  title     = {SegNet: {A} Deep Convolutional Encoder-Decoder Architecture for Robust
               Semantic Pixel-Wise Labelling},
  journal   = {CoRR},
  volume    = {abs/1505.07293},
  year      = {2015},
  url       = {http://arxiv.org/abs/1505.07293},
  archivePrefix = {arXiv},
  eprint    = {1505.07293},
  timestamp = {Mon, 13 Aug 2018 16:48:39 +0200},
  biburl    = {https://dblp.org/rec/bib/journals/corr/BadrinarayananH15},
  bibsource = {dblp computer science bibliography, https://dblp.org}
}

