@book{sieciNeuronowe,
 author = {Ryszard Tadeusiewicz},
 title = {Sieci Neuronowe},
 year = {1993},
 isbn = {83-85769-03-X},
 edition = {1st},
 publisher = {Akademicka Oficyna Wydawnicza},
 address = {Warszawa},
}