@online{siteJia,
  title = {Yangqing Jia},
  url = {http://daggerfs.com/},
  urldate = {2017-09-11}
}