@online{siteRNN,
  title = {Recurrent Neural Networks and Long-Short Term Memory},
  url = {https://towardsdatascience.com/recurrent-neural-networks-and-lstm-4b601dd822a5},
  urldate = {2018-09-11}
}