@online{siteBriefHistory,
  title = {A BRIEF HISTORY OF NEURAL NETWORK ARCHITECTURES},
  url = {https://www.topbots.com/a-brief-history-of-neural-network-architectures/},
  urldate = {2017-09-09}
}