@online{siteDeeper,
  title = {We Need To Go Deeper},
  url = {https://knowyourmeme.com/memes/we-need-to-go-deeper},
  urldate = {2017-09-11}
}