@online{siteNvidiaCaffe2,
  title = {Caffe2 Deep Learning Framework},
  url = {https://developer.nvidia.com/caffe2},
  urldate = {2018-09-11}
}