@online{sitePythonvR,
  title = {Python vs. R (vs. SAS) â€“ which tool should I learn?},
  url = {https://www.analyticsvidhya.com/blog/2017/09/sas-vs-vs-python-tool-learn/},
  urldate = {2018-09-20}
}