@online{siteCell,
  title = {Pneumonia images},
  url = {http://www.cell.com/cell/fulltext/S0092-8674(18)30154-5},
  urldate = {2018-09-11}
}