@online{siteResnetOverview,
  title = {An Overview of ResNet and its Variants},
  url = {https://towardsdatascience.com/an-overview-of-resnet-and-its-variants-5281e2f56035},
  urldate = {2017-07-15}
}