@online{siteDLByLanguage,
  title = {Deep Learning Libraries by Language},
  url = {http://www.teglor.com/b/deep-learning-libraries-language-cm569/},
  urldate = {2019-09-11}
}