@online{siteMendeley,
  title = {Labeled Optical Coherence Tomography (OCT) and Chest X-Ray Images for Classification},
  url = {https://data.mendeley.com/datasets/rscbjbr9sj/2},
  urldate = {2018-09-11}
}