@online{siteTensorflowJSConcepts,
  title = {Core Concepts in TensorFlow.js},
  url = {https://js.tensorflow.org/tutorials/core-concepts.html},
  urldate = {2018-09-11}
}