@online{siteNvidiaAcceleration,
  title = {Accelerating AI with GPUs: A New Computing Model},
  url = {https://blogs.nvidia.com/blog/2016/01/12/accelerating-ai-artificial-intelligence-gpus/},
  urldate = {2018-09-11}
}