@online{siteMLNet,
  title = {Introducing ML.NET: Cross-platform, Proven and Open Source Machine Learning Framework},
  url = {https://blogs.msdn.microsoft.com/dotnet/2018/05/07/introducing-ml-net-cross-platform-proven-and-open-source-machine-learning-framework/},
  urldate = {2018-05-11}
}