@online{sitefastAI,
  title = {Fast.ai Making neural nets uncool again},
  url = {http://www.fast.ai/},
  urldate = {2017-09-11}
}