@online{siteSlowJavaScript,
  title = {Stop Writing Slow Javascript},
  url = {https://ilikekillnerds.com/2015/02/stop-writing-slow-javascript/},
  urldate = {2018-09-11}
}