@online{siteGartner2019,
  title = {Gartner Says Deep Learning Will Provide Best-in-Class Performance for Demand, Fraud and Failure Predictions By 2019},
  url = {https://www.gartner.com/en/newsroom/press-releases/2017-09-20-gartner-says-deep-learning-will-provide-best-in-class-performance-for-demand-fraud-and-failure-predictions-by-2019},
  urldate = {2017-10-27}
}