@online{siteTensorflowCitations,
  title = {TensorFlow: A system for large-scale machine learning},
  url = {https://www.semanticscholar.org/paper/TensorFlow%3A-A-system-for-large-scale-machine-Abadi-Barham/4954fa180728932959997a4768411ff9136aac81},
  urldate = {2018-09-11}
}