@online{siteAIhistory,
  title = {The History of Artificial Intelligence},
  url = {https://courses.cs.washington.edu/courses/csep590/06au/projects/history-ai.pdf},
  urldate = {2018-09-11}
}