@online{siteFjodorList,
  title = {THE NEURAL NETWORK ZOO},
  url = {https://www.asimovinstitute.org/author/fjodorvanveen/},
  urldate = {2017-12-11}
}