@article{DBLP:journals/corr/Smith15a,
  author    = {Leslie N. Smith},
  title     = {No More Pesky Learning Rate Guessing Games},
  journal   = {CoRR},
  volume    = {abs/1506.01186},
  year      = {2015},
  url       = {http://arxiv.org/abs/1506.01186},
  archivePrefix = {arXiv},
  eprint    = {1506.01186},
  timestamp = {Mon, 13 Aug 2018 16:47:53 +0200},
  biburl    = {https://dblp.org/rec/bib/journals/corr/Smith15a},
  bibsource = {dblp computer science bibliography, https://dblp.org}
}

