@article{DBLP:journals/corr/IandolaMAHDK16,
  author    = {Forrest N. Iandola and
               Matthew W. Moskewicz and
               Khalid Ashraf and
               Song Han and
               William J. Dally and
               Kurt Keutzer},
  title     = {SqueezeNet: AlexNet-level accuracy with 50x fewer parameters and {\textless}1MB
               model size},
  journal   = {CoRR},
  volume    = {abs/1602.07360},
  year      = {2016},
  url       = {http://arxiv.org/abs/1602.07360},
  archivePrefix = {arXiv},
  eprint    = {1602.07360},
  timestamp = {Mon, 13 Aug 2018 16:46:12 +0200},
  biburl    = {https://dblp.org/rec/bib/journals/corr/IandolaMAHDK16},
  bibsource = {dblp computer science bibliography, https://dblp.org}
}

