@article{DBLP:journals/corr/RedmonDGF15,
  author    = {Joseph Redmon and
               Santosh Kumar Divvala and
               Ross B. Girshick and
               Ali Farhadi},
  title     = {You Only Look Once: Unified, Real-Time Object Detection},
  journal   = {CoRR},
  volume    = {abs/1506.02640},
  year      = {2015},
  url       = {http://arxiv.org/abs/1506.02640},
  archivePrefix = {arXiv},
  eprint    = {1506.02640},
  timestamp = {Mon, 13 Aug 2018 16:48:08 +0200},
  biburl    = {https://dblp.org/rec/bib/journals/corr/RedmonDGF15},
  bibsource = {dblp computer science bibliography, https://dblp.org}
}

