@article{DBLP:journals/corr/ZagoruykoK16,
  author    = {Sergey Zagoruyko and
               Nikos Komodakis},
  title     = {Wide Residual Networks},
  journal   = {CoRR},
  volume    = {abs/1605.07146},
  year      = {2016},
  url       = {http://arxiv.org/abs/1605.07146},
  archivePrefix = {arXiv},
  eprint    = {1605.07146},
  timestamp = {Mon, 13 Aug 2018 16:46:42 +0200},
  biburl    = {https://dblp.org/rec/bib/journals/corr/ZagoruykoK16},
  bibsource = {dblp computer science bibliography, https://dblp.org}
}

